@online{guida,
  author    = {Microsoft},
  title     = {Guida Microsoft },
  year      = {2019},
  publisher = {Microsoft},
  journal   = {Microsoft},
  url       = {https://learn.microsoft.com/it-it/windows-server/}
}

@online{gpo,
  author    = {Danny Murphy},
  title     = {GPO guida},
  year      = {2022},
  url       = {https://www.lepide.com/blog/top-10-most-important-group-policy-settings-for-preventing-security-breaches/#:~:text=Perform%20the%20following%20steps%3A,in%20to%20open%20its%20p}
}

@online{gpo,
  author    = {Danny Murphy},
  title     = {GPO guida},
  year      = {2022},
  url       = {https://www.lepide.com/blog/top-10-most-important-group-policy-settings-for-preventing-security-breaches/#:~:text=Perform%20the%20following%20steps%3A,in%20to%20open%20its%20p}
}
